
@misc{john_f._simon_jr._every_????,
	title = {Every Icon Project Page},
	url = {http://www.numeral.com/eicon.html},
	author = {John F. Simon Jr.},
	howpublished = {http://www.numeral.com/eicon.html}
},

@misc{remko_scha_every_2001,
	title = {Every Grid},
	url = {http://radicalart.info/AlgorithmicArt/grid/every/index.html},
	author = {Remko Scha},
	year = {2001},
	howpublished = {{http://radicalart.info/AlgorithmicArt/grid/every/index.html}}
},

@article{john_f._simon_jr._given:32_1997,
	title = {Given: a 32 X 32 Grid},
	url = {http://www.numeral.com/paraicon.html},
	journal = {Parachute Magazine},
	author = {John F. Simon Jr.},
	year = {1997}
},

@article{matthew_mirapaul_in_1997,
	title = {In John Simon's Art, Everything Is Possible},
	url = {http://www.numeral.com/articles/041797mirapaul/041797mirapaul.html#1},
	journal = {The New York Times},
	author = {Matthew Mirapaul},
	month = apr,
	year = {1997}
},

@book{borges_library_2000,
	title = {The Library of Babel},
	isbn = {{156792123X}},
	url = {http://jubal.westnet.com/hyperdiscordia/library_of_babel.html},
	publisher = {David R. Godine Publisher},
	author = {Jorge Luis Borges},
	month = aug,
	year = {2000}
},

@misc{sintron_gods_2003,
	title = {God's Eye},
	url = {http://runme.org/project/+godseye/},
	author = {Sintron},
	month = mar,
	year = {2003},
	howpublished = {http://runme.org/project/+godseye/}
},

@misc{leander_seige_imagen_????,
	title = {{ImageN}},
	url = {http://www.determinate.net/webdata/seg/imagen.php},
	author = {Leander Seige},
	howpublished = {http://www.determinate.net/webdata/seg/imagen.php}
},

@misc{leonardo_solaas_magic_????,
	title = {magic mirror},
	url = {http://solaas.com.ar/outsource/node/27.html},
	author = {Leonardo Solaas},
	howpublished = {http://solaas.com.ar/outsource/node/27.html}
},

@misc{jim_campbell_end_1996,
	title = {The End},
	url = {http://jimcampbell.tv/DU/DUTheEnd/index.html},
	author = {Jim Campbell},
	year = {1996},
	howpublished = {{http://jimcampbell.tv/DU/DUTheEnd/index.html}}
},

@misc{michael_aschauer_8-bit_????,
	title = {{8-BIT}},
	url = {http://m.ash.to/8-bit/},
	author = {Michael Aschauer},
	howpublished = {http://m.ash.to/8-bit/}
},

@misc{tomczak_all_2009,
	title = {All 4-bit Waveforms That Have 32 Samples},
	url = {http://little-scale.blogspot.com/2009/03/all-4-bit-waveforms-that-have-32.html},
	journal = {little-scale},
	author = {Sebastian Tomczak},
	month = mar,
	year = {2009},
	keywords = {digital manipulation, max/msp, permutations and sets}
},

@misc{tomczak_hardware-based_2009,
	title = {Hardware-based Waveform Permutations},
	url = {http://little-scale.blogspot.com/2009/07/hardware-based-waveform-permutations.html},
	journal = {little-scale},
	author = {Sebastian Tomczak},
	month = jul,
	year = {2009},
	keywords = {digital manipulation, diy stuff, permutations and sets}
},

@book{nattiez_music_1990,
	title = {Music and discourse},
	isbn = {0691027145, 9780691027142},
	publisher = {Princeton University Press},
	author = {{Jean-Jacques} Nattiez},
	month = nov,
	year = {1990},
	pages = {296}
},

@misc{christian_scheib_statics_????,
	title = {Static's Music - Noise Inquiries},
	url = {http://ablinger.mur.at/noise.html},
	author = {Christian Scheib},
	howpublished = {http://ablinger.mur.at/noise.html}
},

@book{borges_aleph_2004,
	title = {The Aleph and Other Stories},
	isbn = {0142437883},
	publisher = {Penguin Classics},
	author = {Jorge Luis Borges},
	month = jul,
	year = {2004}
},

@misc{kyle_mcdonald_pppd_2009,
	title = {pppd},
	url = {http://www.openprocessing.org/visuals/?visualID=1138},
	author = {Kyle {McDonald}},
	month = mar,
	year = {2009},
	howpublished = {{http://www.openprocessing.org/visuals/?visualID=1138}}
},

@misc{kyle_mcdonald_nandhopper_2008,
	title = {Nandhopper {1-Bit} Noise Synth},
	url = {http://www.instructables.com/id/Nandhopper_1_Bit_Noise_Synth/step4/Prototype-Make-the-Circuit/},
	author = {Kyle {McDonald}},
	month = dec,
	year = {2008},
	howpublished = {{http://www.instructables.com/id/Nandhopper\_1\_Bit\_Noise\_Synth/step4/Prototype-Make-the-Circuit/}}
},

@book{boolos_computability_2002,
	address = {Cambridge, New York},
	edition = {4th ed. /},
	title = {Computability and logic.},
	isbn = {9780521809757},
	publisher = {Cambridge University Press},
	author = {George Boolos},
	year = {2002}
},

@misc{alexander_christiaan_jacob_allrgb_2008,
	title = {{allRGB}},
	url = {http://allrgb.com/},
	author = {Alexander Christiaan Jacob},
	month = oct,
	year = {2008},
	howpublished = {http://allrgb.com/}
},

@misc{paul_slocum_pi_2007,
	title = {Pi House Generator},
	url = {http://www.qotile.net/blog/wp/?p=536},
	author = {Paul Slocum},
	month = dec,
	year = {2007},
	howpublished = {http://www.qotile.net/blog/wp/?p=536}
},

@misc{allan_mccollum_shapes_2006,
	title = {The Shapes Project},
	url = {http://home.att.net/%7Eamcnet2/album/shapes/intro.html},
	author = {Allan {McCollum}},
	year = {2006},
	howpublished = {{http://home.att.net/\%7Eamcnet2/album/shapes/intro.html}}
},

@misc{john_cage_as_????,
	title = {As Slow As Possible},
	author = {John Cage}
},

@misc{jem_finer_longplayer_????,
	title = {Longplayer},
	url = {http://longplayer.org/},
	author = {Jem Finer},
	howpublished = {http://longplayer.org/}
},

@misc{brian_whitman_eigenradio_2005,
	title = {Eigenradio},
	url = {http://www.bagatellen.com/archives/interviews/000974.html},
	author = {Brian Whitman},
	month = jul,
	year = {2005},
	howpublished = {http://www.bagatellen.com/archives/interviews/000974.html}
},

@misc{moma_kazimir_2006,
	title = {Kazimir Malevich. Suprematist Composition: White on White. 1918},
	url = {http://www.moma.org/collection/browse_results.php?object_id=80385},
	author = {{MoMA}},
	year = {2006},
	howpublished = {http://www.moma.org/collection/browse\_results.php?object\_id=80385}
},

@misc{moma_rodchenko_1998,
	title = {Rodchenko {\textbar} The Death of Painting},
	url = {http://www.moma.org/interactives/exhibitions/1998/rodchenko/texts/death_of_painting.html},
	author = {{MoMA}},
	year = {1998},
	howpublished = {{http://www.moma.org/interactives/exhibitions/1998/rodchenko/texts/death\_of\_painting.html}}
},

@misc{keith_f._lynch_converting_????,
	title = {Converting Pi to binary - alt.math.recreational {\textbar} Google Groups},
	url = {http://groups.google.com/group/alt.math.recreational/browse_thread/thread/814b73effc3d6a96/1e7724ff380e87d8#1e7724ff380e87d8},
	author = {Keith F. Lynch},
	howpublished = {http://groups.google.com/group/alt.math.recreational/browse\_thread/thread/814b73effc3d6a96/1e7724ff380e87d8\#1e7724ff380e87d8}
},

@misc{larry_j_solomon_sounds_1998,
	title = {The Sounds of Silence: John Cage and 4'33"},
	url = {http://solomonsmusic.net/4min33se.htm},
	author = {Larry J Solomon},
	year = {1998},
	howpublished = {http://solomonsmusic.net/4min33se.htm}
}