
@misc{cory_arcangel_photoshop_2009,
	title = {Photoshop {CS:} 84 by 66 inches, 300 {DPI,} {RGB,} square pixels, default gradient {"Spectrum",} mousedown y=3200 x=10200 mouse up y=22600 x=6200},
	url = {http://teamgal.com/artworks/615},
	author = {Cory Arcangel},
	year = {2009},
	howpublished = {http://teamgal.com/artworks/615}
},

@misc{evan_meaney_ceibas:_2008,
	title = {Ceibas: to hold a future body so close to one's own},
	url = {http://www.evanmeaney.com/ceibas/},
	author = {Evan Meaney},
	year = {2008},
	howpublished = {http://www.evanmeaney.com/ceibas/}
},

@misc{imbecil_mpeg_2004,
	title = {{MPeg} Fucker},
	url = {http://www.runme.org/project/+mpf/},
	author = {imbecil},
	month = oct,
	year = {2004},
	howpublished = {http://www.runme.org/project/+mpf/}
},

@misc{media_art_net_media_2010,
	type = {text},
	title = {Media Art Net {\textbar} Tone, Yasunao: Wounded Man´yo 2/2000},
	copyright = {Copyright by Media Art Net - All rights reserved.},
	shorttitle = {Media Art Net {\textbar} Tone, Yasunao},
	url = {http://www.medienkunstnetz.de/works/wounded-many-o-2-2000/images/1/},
	author = {Media Art Net},
	month = feb,
	year = {2010},
	keywords = {Yasunao Tone Wounded Man´yo 2/2000},
	howpublished = {http://www.medienkunstnetz.de/works/wounded-many-o-2-2000/images/1/}
},

@book{ramachandran_phantoms_1999,
	title = {Phantoms in the Brain: Probing the Mysteries of the Human Mind},
	isbn = {0688172172},
	shorttitle = {Phantoms in the Brain},
	publisher = {Harper Perennial},
	author = {V. S. Ramachandran and Sandra Blakeslee},
	month = sep,
	year = {1999}
},

@misc{indianropeburn_databenders_????,
	title = {Databenders Group},
	url = {http://launch.groups.yahoo.com/group/databenders/},
	author = {indianropeburn},
	howpublished = {http://launch.groups.yahoo.com/group/databenders/}
},

@misc{!mediengruppe_bitnik_and_sven_knig_download_????,
	title = {Download Finished!},
	url = {http://www.download-finished.com/},
	author = {{!Mediengruppe} Bitnik and Sven König},
	howpublished = {http://www.download-finished.com/}
},

@misc{liminalmike_flickr:glitch_????,
	title = {Flickr: The Glitch Art Pool},
	url = {http://www.flickr.com/groups/glitches/pool/},
	author = {{LiminalMike}},
	howpublished = {http://www.flickr.com/groups/glitches/pool/}
},

@misc{nikolai_trunichkin_and_dr._dmitriy_vatolin_crazy_????,
	title = {Crazy gallery},
	url = {http://compression.ru/video/crazy_gallery/index_en.html},
	author = {Nikolai Trunichkin and Dr. Dmitriy Vatolin},
	howpublished = {http://compression.ru/video/crazy\_gallery/index\_en.html}
},

@misc{john_michael_boling_rhizome_????,
	title = {Rhizome {\textbar} Pixel Bleed},
	url = {http://www.rhizome.org/editorial/2380},
	author = {John Michael Boling},
	howpublished = {http://www.rhizome.org/editorial/2380}
}