@book{Hofstadter07,
	author =	{Douglas R. Hofstadter},
	title =	{{I} Am a Strange Loop},
	publisher =	{BasicBooks},
	month =	jul,
	year = 	{2008},
	isbn = {978-0465030798}
}

@book{Ruckert05,
	author = {Martin Ruckert},
	title = {Understanding MP3},
	month = sep,
	year = {2005},
	publisher = {SpringerVerlag},
	isbn = {978-3528059057}
}

@book{Moore07,
	author =	{Brooke Noel Moore and Richard Parker},
	title =	{Critical Thinking},
	publisher =	{McGraw-Hill},
	month =	aug,
	edition = {Seventh},
	year = {2007},
	isbn = {978-0072818819}
}

@book{Blackburn07,
	author =	{Simon Blackburn},
	title =	{Truth: A Guide},
	publisher =	{Oxford University Press},
	month =	jan,
	edition = {7th},
	year = {2007},
	isbn = {978-0195315806}
}

@book{Bruen04,
	author = {Herbert Bruen},
	title = {When Music Resists Meaning},
	publisher = {Wesleyan},
	month = mar,
	year = {2004},
	isbn = {978-0819566706}
}

@book{Doczi81,
	author = {Gyorgy Doczi},
	title = {Power of Limits},
	publisher = {Shambhala},
	month = aug,
	year = {1981},
	isbn = {978-0877731931}
}

@book{Koller01,
	author = {John M. Koller},
	title = {Asian Philosophies},
	publisher = {Prentice Hall},
	edition = {4th},
	month = jun,
	year = {2001},
	isbn = {978-0130923851}
}

@incollection{Wright09,
	author = {Richard Wright},
	title = {From System to Software: Computer Programming and the Death of Constructivist Art},
	booktitle = {White Heat Cold Logic},
	publisher = {The MIT Press},
	year = {2009},
	editor = {Paul Brown},
	month = feb,
	isbn = {978-0262026536}
}

@incollection{Hofstadter01,
	author = {Douglas R. Hofstadter},
	title = {Epilogue: Analogy as the Core of Cognition},
	booktitle = {The Analogical Mind},
	publisher = {The MIT Press},
	year = {2001},
	editor = {Dedre Gentner , Keith J. Holyoak and Boicho K. Kokinov},
	month = mar,
	isbn = {978-0262571395}
}

@article{Vannort06,
	author = {Doug Van Nort},
	title = {Noise/music and representation systems},
	year = {2006},
	journal = {Organised Sound},
	volume = {11},
	number = {2}
}

@book{Attali85,
	author = {Jacques Attali},
	title = {Noise: The Political Economy of Music},
	publisher = {Univ Of Minnesota Press},
	month = jun,
	year = {1985},
	isbn = {978-0816612871}
}

@book{Cage61,
	author = {John Cage},
	title = {Silence},
	publisher = {Wesleyan University Press},
	year = {1961},
	month = jun,
	isbn = {978-0819560285}
}

@incollection{Sangild04, 
	publisher = {Routledge},
	author = {Torben Sangild},
	title = {Glitch--The Beauty of Malfunction},
	booktitle = {Bad Music: The Music We Love to Hate},
	editor = {Christopher J. Washburne and Maiken Derko},
	isbn = {978-0415943666},
	year = {2004},
	month = sep
}

@article{Cascone00,
	author = {Kim Cascone},
	title = {The Aesthetics of Failure: ‘post-digital’ tendencies in contemporary computer music},
	journal = {Computer Music Journal},
	publisher = {The MIT Press},
	volume = {24},
	number = {4},
	year = {2000}
}

@article{Hegarty02,
	author = {Paul Hegarty},
	title = {Noise threshold: Merzbow and the end of natural sound},
	journal = {Organized Sound},
	publisher = {Cambridge University Press},
	year = {2002},
	volume = {7},
	number = {1}
}

@book{Kahn01,
	author = {Douglas Kahn},
	title = {Noise Water Meat: a History of Sound in the Arts},
	publisher = {The MIT Press},
	year = {2001},
	month = oct,
	isbn = {978-0262611725}
}

@incollection{Russolo04,
	author = {Luigi Russolo},
	title = {The Art of Noises},
	booktitle = {Audio Culture: Readings in Modern Music},
	publisher = {Continuum},
	year = {2004},
	editor = {Christoph Cox and Daniel Warner}
}

@misc{Scha01,
	author = {Remko Scha},
	year = {2001},
	title = {Enumerating everything: All Grids},
	publisher = {\url{http://radicalart.info/AlgorithmicArt/grid/every/index.html}}
}