
@misc{douglas_harper_context_2010,
	title = {Context},
	url = {http://www.etymonline.com/index.php?term=context},
	journal = {Online Etymology Dictionary},
	author = {Douglas Harper},
	year = {2010},
	howpublished = {http://www.etymonline.com/index.php?term=context}
},

@misc{david_horvitz_for_2009,
	title = {{FOR} 2009},
	url = {http://davidhorvitz.com/2009/},
	author = {David Horvitz},
	year = {2009},
	howpublished = {http://davidhorvitz.com/2009/}
},

@article{rachel_dodes_tuneshard_2004,
	chapter = {Technology / Circuits},
	title = {Tunes, a Hard Drive and {(Just} Maybe) a Brain},
	issn = {0362-4331},
	url = {http://www.nytimes.com/2004/08/26/technology/circuits/26ipod.html},
	journal = {The New York Times},
	author = {Rachel Dodes},
	month = aug,
	year = {2004},
	keywords = {Apple Computer Incorporated, Bicycles and Bicycling, Guns 'n' Roses, Music}
},

@misc{_01:_2009,
	title = {01: Aleph {\textbar} Alphabet of Kabbalah},
	url = {http://gnosticteachings.org/courses/alphabet-of-kabbalah/01-aleph},
	journal = {Gnostic Teachings},
	month = oct,
	year = {2009},
	howpublished = {http://gnosticteachings.org/courses/alphabet-of-kabbalah/01-aleph}
},

@misc{peter_ablinger_rauschen_2006,
	title = {Rauschen},
	url = {http://ablinger.mur.at/rauschen.html},
	author = {Peter Ablinger},
	month = sep,
	year = {2006},
	howpublished = {http://ablinger.mur.at/rauschen.html}
},

@misc{rybn_monochrome_2008,
	title = {Monochrome},
	url = {http://www.cimatics.com/festival2008/festival/performances/aka_pfmonochrome.html},
	journal = {Cimatics Audiovisual Festival},
	author = {{RYbN}},
	year = {2008},
	howpublished = {http://www.cimatics.com/festival2008/festival/performances/aka\_pfmonochrome.html}
},

@book{myers_ethnomusicology:introduction_1992,
	title = {Ethnomusicology: An Introduction},
	isbn = {0393033775},
	shorttitle = {Ethnomusicology},
	publisher = {W. W. Norton \& Company},
	author = {Helen Myers},
	month = jul,
	year = {1992}
},

@misc{_20kbps_2010,
	title = {20kbps rec. (netlabel)},
	url = {http://20kbps.sofapause.ch/},
	month = feb,
	year = {2010},
	howpublished = {http://20kbps.sofapause.ch/}
},

@misc{kyle_mcdonald_no_2010,
	title = {No Noise},
	url = {http://www.openprocessing.org/visuals/?visualID=7072},
	journal = {{OpenProcessing}},
	author = {Kyle {McDonald}},
	year = {2010},
	howpublished = {{http://www.openprocessing.org/visuals/?visualID=7072}}
},

@misc{rosa_menkman_65_2010,
	title = {65 76 65 72 79 74 68 69 6e 67 20 69 73 20 6d 75 72 64 65 72 65 64 20 62 79 20 74 68 65 20 68 61 6e 64 73 20 6f 66 20 74 69 6d 65 on Vimeo},
	url = {http://vimeo.com/11001576},
	journal = {Vimeo},
	author = {Rosa Menkman},
	month = apr,
	year = {2010},
	howpublished = {http://vimeo.com/11001576}
},

@misc{cory_arcangel_c_2008,
	title = {On C},
	url = {http://front.nfshost.com/noisenotnoise/?p=24},
	author = {Cory Arcangel},
	year = {2008},
	howpublished = {http://front.nfshost.com/noisenotnoise/?p=24}
},

@misc{rosa_menkman_compression_2010,
	title = {Compression art: visualizing the obscured},
	shorttitle = {Compression art},
	url = {http://rosa-menkman.blogspot.com/2010/02/compression-art-visualizing-obscured.html},
	journal = {{\textbar}{\textbar} {\textbar} Bitsbits {bits\_\_\_\_\_\_\_\_\_\_\_\_\_\_\_\_\_\_\_\_\_\_\_\_\_\_\_\_\_\_\_\_\_\_\_\_\_\_\_\_\_///////////////Rosa{\textasciitilde}{\textasciitilde}{\textasciitilde}@{\textasciitilde}{\textasciitilde}{\textasciitilde}DIRDIRDIR} A},
	author = {Rosa Menkman},
	month = feb,
	year = {2010},
	keywords = {artifact, compression, datamoshing, noise}
},

@book{sartre_being_1993,
	title = {Being And Nothingness},
	isbn = {0671867806},
	publisher = {Washington Square Press},
	author = {{Jean-Paul} Sartre},
	translator = {Hazel E. Barnes},
	month = aug,
	year = {1993}
},

@misc{leif_inge_9_2007,
	title = {9 Beet Stretch},
	url = {http://www.expandedfield.net/},
	author = {Leif Inge},
	month = mar,
	year = {2007},
	howpublished = {http://www.expandedfield.net/}
},

@misc{weisstein_normal_????,
	type = {Text},
	title = {Normal Number},
	url = {http://mathworld.wolfram.com/NormalNumber.html},
	author = {Eric W Weisstein},
	keywords = {{11K16,} {Mathematics:Foundations} of {Mathematics:Mathematical} {Problems:Unsolved} Problems, {Mathematics:MathWorld} {Contributors:Crandall,} {Mathematics:Number} {Theory:Arithmetic:Number} Bases, {Mathematics:Number} {Theory:Normal} Numbers},
	howpublished = {{http://mathworld.wolfram.com/NormalNumber.html}}
},

@misc{_products_2010,
	title = {Products - Cycling 74},
	url = {http://cycling74.com/products/},
	year = {2010},
	howpublished = {http://cycling74.com/products/}
},

@misc{kyle_mcdonald_every_2009,
	title = {Every Song},
	url = {http://openprocessing.org/visuals/?visualID=1170},
	journal = {{OpenProcessing}},
	author = {Kyle {McDonald}},
	month = mar,
	year = {2009},
	howpublished = {{http://openprocessing.org/visuals/?visualID=1170}}
},

@misc{kyle_mcdonald_future_2008,
	title = {Future Fragments},
	url = {http://www.flickr.com/photos/kylemcdonald/sets/72157608915887288/},
	journal = {Flickr},
	author = {Kyle {McDonald}},
	month = nov,
	year = {2008},
	howpublished = {http://www.flickr.com/photos/kylemcdonald/sets/72157608915887288/}
},

@misc{kyle_mcdonald_every_2009-1,
	title = {Every Every Icon},
	url = {http://erraticsemaphore.blogspot.com/2009/08/every-every-icon.html},
	journal = {Erratic Sempahore},
	author = {Kyle {McDonald}},
	month = aug,
	year = {2009},
	howpublished = {http://erraticsemaphore.blogspot.com/2009/08/every-every-icon.html}
},

@article{_radio_2004,
	chapter = {Entertainment},
	title = {Radio 3 plays 'silent symphony'},
	url = {http://news.bbc.co.uk/2/hi/entertainment/3401901.stm},
	abstract = {{BBC} Radio 3 has broadcast late composer John Cage's seminal work 4'33" -  which is an entirely silent piece.},
	journal = {{BBC}},
	year = {2004}
},

@misc{_winamp_????,
	title = {Winamp Media Player},
	url = {http://www.winamp.com/},
	howpublished = {http://www.winamp.com/}
},

@misc{_shoutcast_????,
	title = {{SHOUTcast} Radio},
	url = {http://www.shoutcast.com/},
	howpublished = {http://www.shoutcast.com/}
},

@misc{kyle_mcdonald_only_2010,
	title = {Only Everything Lasts Forever},
	url = {http://kylemcdonald.net/oelf/},
	author = {Kyle {McDonald}},
	month = may,
	year = {2010},
	howpublished = {http://kylemcdonald.net/oelf/}
},

@misc{kyle_mcdonald_oelf_2010,
	title = {oelf},
	url = {http://code.google.com/p/oelf/},
	journal = {Google Code},
	author = {Kyle {McDonald}},
	month = may,
	year = {2010},
	howpublished = {http://code.google.com/p/oelf/}
}