
@misc{tom_merritt_real_2010,
	title = {Real Deal Podcast 192: All about the {MP3} {\textbar} The Real Deal Podcast - {CNET} Blogs},
	url = {http://www.cnet.com/8301-17920_1-10430917-84.html},
	author = {Tom Merritt},
	year = {2010},
	howpublished = {http://www.cnet.com/8301-17920\_1-10430917-84.html}
},

@article{brandenburg_interviews_2004,
	title = {Interviews with Karlheinz Brandenburg},
	volume = {2},
	url = {http://portal.acm.org/citation.cfm?doid=1027154.1027169},
	doi = {10.1145/1027154.1027169},
	abstract = {Interviews with Cynthia Breazeal and Karlheinz {Brandenburg\&br;September} 10, 2003 and July 22, 2004},
	number = {3},
	journal = {Comput. Entertain.},
	author = {Karlheinz Brandenburg},
	year = {2004},
	pages = {9--9}
},

@inproceedings{karlheinz_brandenburg_mp3_????,
	title = {{MP3} and {AAC} Explained},
	url = {http://www.telos-systems.com/techtalk/hosted/Brandenburg_mp3_aac.pdf},
	author = {Karlheinz Brandenburg}
}