
@misc{kyle_mcdonald_future_2008,
	title = {Future Fragments},
	url = {http://www.flickr.com/photos/kylemcdonald/sets/72157608915887288/},
	journal = {Flickr},
	author = {Kyle {McDonald}},
	month = nov,
	year = {2008},
	howpublished = {http://www.flickr.com/photos/kylemcdonald/sets/72157608915887288/ {[Last} accessed: May 4, 2010]}
},

@misc{john_michael_boling_rhizome_????,
	title = {Rhizome {\textbar} Pixel Bleed},
	url = {http://www.rhizome.org/editorial/2380},
	author = {John Michael Boling},
	howpublished = {http://www.rhizome.org/editorial/2380 {[Last} accessed: February 3, 2010]}
},

@article{de_lapparent_slice_1986,
	title = {A slice of the universe},
	volume = {302},
	url = {http://cdsads.u-strasbg.fr/abs/1986ApJ...302L...1D},
	journal = {Astrophysical Journal},
	author = {V. de Lapparent and M. J. Geller and J. P. Huchra},
	month = mar,
	year = {1986},
	keywords = {{ASTRONOMICAL} {MODELS,} {BIG} {BANG} {COSMOLOGY,} {DENSITY} {DISTRIBUTION,} {GALACTIC} {EVOLUTION,} {GALACTIC} {STRUCTURE,} {RED} {SHIFT,} {UNIVERSE}},
	pages = {L1--L5}
},

@article{doron_witztum_eliyahu_rips_and_yoav_rosenberg_equidistant_1994,
	title = {Equidistant Letter Sequences in the Book of Genesis},
	volume = {9},
	url = {http://projecteuclid.org/DPubS?verb=Display&version=1.0&service=UI&handle=euclid.ss/1177010393&page=record},
	number = {3},
	journal = {Statistical Science},
	author = {Doron Witztum, Eliyahu Rips, and Yoav Rosenberg},
	year = {1994},
	pages = {429--438}
},

@misc{!mediengruppe_bitnik_and_sven_knig_download_????,
	title = {Download Finished!},
	url = {http://www.download-finished.com/},
	author = {{!Mediengruppe} Bitnik and Sven König},
	howpublished = {http://www.download-finished.com/ {[Last} accessed: February 3, 2010]}
},

@misc{allan_mccollum_shapes_2006,
	title = {The Shapes Project},
	url = {http://home.att.net/%7Eamcnet2/album/shapes/intro.html},
	author = {Allan {McCollum}},
	year = {2006},
	howpublished = {{http://home.att.net/\%7Eamcnet2/album/shapes/intro.html} {[Last} accessed: February 3, 2010]}
},

@misc{leonardo_solaas_magic_????,
	title = {magic mirror},
	url = {http://solaas.com.ar/outsource/node/27.html},
	author = {Leonardo Solaas},
	howpublished = {http://solaas.com.ar/outsource/node/27.html {[Last} accessed: February 3, 2010]}
},

@misc{_radio_2004,
	title = {Radio 3 plays 'silent symphony'},
	url = {http://news.bbc.co.uk/2/hi/entertainment/3401901.stm},
	journal = {{BBC}},
	year = {2004},
	howpublished = {http://news.bbc.co.uk/2/hi/entertainment/3401901.stm {[Last} accessed: May 4, 2010]}
},

@misc{olga_goriunova_and_alexei_shulgin_touching_2003,
	title = {Touching without Touching},
	url = {http://www.m-cult.org/read_me/text/sintron_interview.htm},
	journal = {{Read\_Me} 2.3},
	author = {Olga Goriunova and Alexei Shulgin},
	year = {2003},
	howpublished = {http://www.m-cult.org/read\_me/text/sintron\_interview.htm {[Last} accessed: March 11, 2010]}
},

@misc{erik_thiele_tempest_????,
	title = {Tempest for Eliza},
	url = {http://www.erikyyy.de/tempest/},
	author = {Erik Thiele},
	howpublished = {http://www.erikyyy.de/tempest/ {[Last} accessed: February 3, 2010]}
},

@misc{indianropeburn_databenders_????,
	title = {Databenders Group},
	url = {http://launch.groups.yahoo.com/group/databenders/},
	author = {indianropeburn},
	howpublished = {http://launch.groups.yahoo.com/group/databenders/ {[Last} accessed: February 3, 2010]}
},

@misc{alan_dunning_paul_woodrow_and_morley_hollenberg_einsteins_2008,
	title = {{THE} {EINSTEIN'S} {BRAIN} {PROJECT:} {GHOSTS} {IN} {THE} {MACHINE}},
	url = {http://people.ucalgary.ca/~einbrain/new/text/ghosts_in_the_machine.html},
	author = {Alan dunning, Paul Woodrow and Morley Hollenberg},
	year = {2008},
	howpublished = {http://people.ucalgary.ca/{\textasciitilde}einbrain/new/text/ghosts\_in\_the\_machine.html {[Last} accessed: February 3, 2010]}
},

@misc{jochem_van_der_spek_no_2001,
	title = {No Noise},
	url = {http://dynamica.org/HTM/DY_flash_nonoise.htm},
	author = {Jochem van der Spek},
	year = {2001},
	howpublished = {{http://dynamica.org/HTM/DY\_flash\_nonoise.htm} {[Last} accessed: February 3, 2010]}
},

@misc{weisstein_normal_????,
	type = {Text},
	title = {Normal Number},
	url = {http://mathworld.wolfram.com/NormalNumber.html},
	journal = {Wolfram {MathWorld}},
	author = {Eric W Weisstein},
	howpublished = {{http://mathworld.wolfram.com/NormalNumber.html} {[Last} accessed: May 4, 2010]}
},

@misc{alexander_bogomolny_kanizsa_????,
	title = {Kanizsa Triangle},
	url = {http://www.cut-the-knot.org/Curriculum/Geometry/EdgeIllusion.shtml#few},
	author = {Alexander Bogomolny},
	howpublished = {{http://www.cut-the-knot.org/Curriculum/Geometry/EdgeIllusion.shtml\#few} {[Last} accessed: February 3, 2010]}
},

@misc{david_horvitz_for_2009,
	title = {{FOR} 2009},
	url = {http://davidhorvitz.com/2009/},
	author = {David Horvitz},
	year = {2009},
	howpublished = {http://davidhorvitz.com/2009/ {[Last} accessed: May 4, 2010]}
},

@misc{jonathan_feinberg_haiku_????,
	title = {Haiku Finder},
	url = {http://mrfeinberg.com/haikufinder},
	author = {Jonathan Feinberg},
	howpublished = {http://mrfeinberg.com/haikufinder {[Last} accessed: February 3, 2010]}
},

@misc{kyle_mcdonald_pppd_2009,
	title = {pppd},
	url = {http://www.openprocessing.org/visuals/?visualID=1138},
	author = {Kyle {McDonald}},
	month = mar,
	year = {2009},
	howpublished = {{http://www.openprocessing.org/visuals/?visualID=1138} {[Last} accessed: February 3, 2010]}
},

@book{myers_ethnomusicology:introduction_1992,
	title = {Ethnomusicology: An Introduction},
	isbn = {0393033775},
	shorttitle = {Ethnomusicology},
	publisher = {W. W. Norton \& Company},
	author = {Helen Myers},
	month = jul,
	year = {1992}
},

@book{nattiez_music_1990,
	title = {Music and discourse},
	isbn = {0691027145, 9780691027142},
	publisher = {Princeton University Press},
	author = {{Jean-Jacques} Nattiez},
	month = nov,
	year = {1990},
	pages = {296}
},

@misc{matthew_mirapaul_in_1997,
	title = {In John Simon's Art, Everything Is Possible},
	url = {http://www.numeral.com/articles/041797mirapaul/041797mirapaul.html#1},
	journal = {The New York Times},
	author = {Matthew Mirapaul},
	month = apr,
	year = {1997},
	howpublished = {http://www.numeral.com/articles/041797mirapaul/041797mirapaul.html\#1 {[Last} accessed: undefined undefined, undefined]}
},

@misc{john_f._simon_jr._every_????,
	title = {Every Icon Project Page},
	url = {http://www.numeral.com/eicon.html},
	author = {John F. Simon Jr.},
	howpublished = {http://www.numeral.com/eicon.html {[Last} accessed: February 3, 2010]}
},

@misc{eugenie_samuel_reich_mysterious_2004,
	title = {Mysterious signals from light years away},
	url = {http://www.newscientist.com/article/dn6341-mysterious-signals-from-light-years-away.html},
	journal = {New Scientist},
	author = {Eugenie Samuel Reich},
	month = sep,
	year = {2004},
	howpublished = {http://www.newscientist.com/article/dn6341-mysterious-signals-from-light-years-away.html {[Last} accessed: March 12, 2010]}
},

@misc{nikolai_trunichkin_and_dr._dmitriy_vatolin_crazy_????,
	title = {Crazy gallery},
	url = {http://compression.ru/video/crazy_gallery/index_en.html},
	author = {Nikolai Trunichkin and Dr. Dmitriy Vatolin},
	howpublished = {http://compression.ru/video/crazy\_gallery/index\_en.html {[Last} accessed: February 3, 2010]}
},

@misc{brian_whitman_eigenradio_2005,
	title = {Eigenradio},
	url = {http://www.bagatellen.com/archives/interviews/000974.html},
	author = {Brian Whitman},
	month = jul,
	year = {2005},
	howpublished = {http://www.bagatellen.com/archives/interviews/000974.html {[Last} accessed: February 3, 2010]}
},

@book{ramachandran_phantoms_1999,
	title = {Phantoms in the Brain: Probing the Mysteries of the Human Mind},
	isbn = {0688172172},
	shorttitle = {Phantoms in the Brain},
	publisher = {Harper Perennial},
	author = {V. S. Ramachandran and Sandra Blakeslee},
	month = sep,
	year = {1999}
},

@misc{cory_arcangel_c_2008,
	title = {On C},
	url = {http://front.nfshost.com/noisenotnoise/?p=24},
	author = {Cory Arcangel},
	year = {2008},
	howpublished = {http://front.nfshost.com/noisenotnoise/?p=24 {[Last} accessed: May 4, 2010]}
},

@misc{michael_m._ross_natural_2007,
	title = {Natural Numbers: The Sacks Number Spiral},
	url = {http://www.naturalnumbers.org/sparticle.html},
	author = {Michael M. Ross},
	year = {2007},
	howpublished = {http://www.naturalnumbers.org/sparticle.html {[Last} accessed: February 3, 2010]}
},

@misc{imbecil_mpeg_2004,
	title = {{MPeg} Fucker},
	url = {http://www.runme.org/project/+mpf/},
	author = {imbecil},
	month = oct,
	year = {2004},
	howpublished = {http://www.runme.org/project/+mpf/ {[Last} accessed: February 3, 2010]}
},

@misc{_context_????,
	title = {Context {\textbar} Define Context at Dictionary.com},
	url = {http://dictionary.reference.com/browse/context},
	howpublished = {http://dictionary.reference.com/browse/context {[Last} accessed: May 4, 2010]}
},

@misc{tom_johnson_liner_1999,
	title = {Liner Notes for The Chord Catalogue},
	url = {http://www.dramonline.org/albums/tom-johnson-the-chord-catalogue/notes},
	author = {Tom Johnson},
	year = {1999},
	howpublished = {http://www.dramonline.org/albums/tom-johnson-the-chord-catalogue/notes {[Last} accessed: February 22, 2010]}
},

@misc{_01:_2009,
	title = {01: Aleph {\textbar} Alphabet of Kabbalah},
	url = {http://gnosticteachings.org/courses/alphabet-of-kabbalah/01-aleph},
	journal = {Gnostic Teachings},
	month = oct,
	year = {2009},
	howpublished = {http://gnosticteachings.org/courses/alphabet-of-kabbalah/01-aleph {[Last} accessed: May 4, 2010]}
},

@misc{cory_arcangel_photoshop_2009,
	title = {Photoshop {CS:} 84 by 66 inches, 300 {DPI,} {RGB,} square pixels, default gradient {"Spectrum",} mousedown y=3200 x=10200 mouse up y=22600 x=6200},
	url = {http://teamgal.com/artworks/615},
	author = {Cory Arcangel},
	year = {2009},
	howpublished = {http://teamgal.com/artworks/615 {[Last} accessed: February 3, 2010]}
},

@misc{robin_mckie_secret_2004,
	title = {Secret of historic code: it's gibberish},
	shorttitle = {Secret of historic code},
	url = {http://www.guardian.co.uk/uk/2004/jan/25/arts.highereducation},
	author = {Robin {McKie}},
	month = feb,
	year = {2004},
	howpublished = {http://www.guardian.co.uk/uk/2004/jan/25/arts.highereducation {[Last} accessed: February 3, 2010]}
},

@misc{weisstein_prime_????,
	type = {Text},
	title = {Prime Spiral},
	url = {http://mathworld.wolfram.com/PrimeSpiral.html},
	journal = {Wolfram {MathWorld}},
	author = {Eric W Weisstein},
	howpublished = {{http://mathworld.wolfram.com/PrimeSpiral.html} {[Last} accessed: February 3, 2010]}
},

@misc{rosa_menkman_65_2010,
	title = {65 76 65 72 79 74 68 69 6e 67 20 69 73 20 6d 75 72 64 65 72 65 64 20 62 79 20 74 68 65 20 68 61 6e 64 73 20 6f 66 20 74 69 6d 65 on Vimeo},
	url = {http://vimeo.com/11001576},
	journal = {Vimeo},
	author = {Rosa Menkman},
	month = apr,
	year = {2010},
	howpublished = {http://vimeo.com/11001576 {[Last} accessed: May 4, 2010]}
},

@misc{leif_inge_9_2007,
	title = {9 Beet Stretch},
	url = {http://www.expandedfield.net/},
	author = {Leif Inge},
	month = mar,
	year = {2007},
	howpublished = {http://www.expandedfield.net/ {[Last} accessed: May 4, 2010]}
},

@misc{kyle_mcdonald_no_2010,
	title = {No Noise},
	url = {http://www.openprocessing.org/visuals/?visualID=7072},
	journal = {{OpenProcessing}},
	author = {Kyle {McDonald}},
	year = {2010},
	howpublished = {{http://www.openprocessing.org/visuals/?visualID=7072} {[Last} accessed: May 4, 2010]}
},

@misc{kyle_mcdonald_every_2009,
	title = {Every Song},
	url = {http://openprocessing.org/visuals/?visualID=1170},
	journal = {{OpenProcessing}},
	author = {Kyle {McDonald}},
	month = mar,
	year = {2009},
	howpublished = {{http://openprocessing.org/visuals/?visualID=1170} {[Last} accessed: May 4, 2010]}
},

@misc{peter_ablinger_rauschen_2006,
	title = {Rauschen},
	url = {http://ablinger.mur.at/rauschen.html},
	author = {Peter Ablinger},
	month = sep,
	year = {2006},
	howpublished = {http://ablinger.mur.at/rauschen.html {[Last} accessed: May 4, 2010]}
},

@misc{kyle_mcdonald_every_2009-1,
	title = {Every Every Icon},
	url = {http://erraticsemaphore.blogspot.com/2009/08/every-every-icon.html},
	journal = {Erratic Sempahore},
	author = {Kyle {McDonald}},
	month = aug,
	year = {2009},
	howpublished = {http://erraticsemaphore.blogspot.com/2009/08/every-every-icon.html {[Last} accessed: May 4, 2010]}
},

@misc{kyle_mcdonald_only_2010,
	title = {Only Everything Lasts Forever},
	url = {http://kylemcdonald.net/oelf/},
	author = {Kyle {McDonald}},
	month = may,
	year = {2010},
	howpublished = {http://kylemcdonald.net/oelf/ {[Last} accessed: May 4, 2010]}
},

@misc{rachel_dodes_tuneshard_2004,
	title = {Tunes, a Hard Drive and {(Just} Maybe) a Brain},
	url = {http://www.nytimes.com/2004/08/26/technology/circuits/26ipod.html},
	journal = {The New York Times},
	author = {Rachel Dodes},
	month = aug,
	year = {2004},
	keywords = {Apple Computer Incorporated, Bicycles and Bicycling, Guns 'n' Roses, Music},
	howpublished = {http://www.nytimes.com/2004/08/26/technology/circuits/26ipod.html {[Last} accessed: May 4, 2010]}
},

@misc{media_art_net_media_2010,
	type = {text},
	title = {Media Art Net {\textbar} Tone, Yasunao: Wounded Man´yo 2/2000},
	copyright = {Copyright by Media Art Net - All rights reserved.},
	shorttitle = {Media Art Net {\textbar} Tone, Yasunao},
	url = {http://www.medienkunstnetz.de/works/wounded-many-o-2-2000/images/1/},
	author = {Media Art Net},
	month = feb,
	year = {2010},
	keywords = {Yasunao Tone Wounded Man´yo 2/2000},
	howpublished = {http://www.medienkunstnetz.de/works/wounded-many-o-2-2000/images/1/ {[Last} accessed: February 3, 2010]}
},

@misc{_20kbps_2010,
	title = {20kbps rec. (netlabel)},
	url = {http://20kbps.sofapause.ch/},
	month = feb,
	year = {2010},
	howpublished = {http://20kbps.sofapause.ch/ {[Last} accessed: May 4, 2010]}
},

@misc{rybn_monochrome_2008,
	title = {Monochrome},
	url = {http://www.cimatics.com/festival2008/festival/performances/aka_pfmonochrome.html},
	journal = {Cimatics Audiovisual Festival},
	author = {{RYbN}},
	year = {2008},
	howpublished = {http://www.cimatics.com/festival2008/festival/performances/aka\_pfmonochrome.html {[Last} accessed: May 4, 2010]}
},

@misc{jim_campbell_end_1996,
	title = {The End},
	url = {http://jimcampbell.tv/DU/DUTheEnd/index.html},
	author = {Jim Campbell},
	year = {1996},
	howpublished = {{http://jimcampbell.tv/DU/DUTheEnd/index.html} {[Last} accessed: February 3, 2010]}
},

@misc{john_cage_as_????,
	title = {As Slow As Possible},
	url = {http://www.john-cage.halberstadt.de/},
	author = {John Cage},
	howpublished = {http://www.john-cage.halberstadt.de/ {[Last} accessed: February 3, 2010]}
},

@misc{_shoutcast_????,
	title = {{SHOUTcast} Radio},
	url = {http://www.shoutcast.com/},
	howpublished = {http://www.shoutcast.com/ {[Last} accessed: May 4, 2010]}
},

@misc{david_horvitz_flickr:_????,
	title = {Flickr: "241543903"},
	url = {http://www.flickr.com/photos/tags/241543903},
	author = {David Horvitz},
	howpublished = {http://www.flickr.com/photos/tags/241543903 {[Last} accessed: February 3, 2010]}
},

@book{padovan_proportion_1999,
	title = {Proportion},
	isbn = {0419227806, 9780419227809},
	publisher = {Taylor \& Francis},
	author = {Richard Padovan},
	year = {1999},
	pages = {404}
},

@misc{david_correspondence_????,
	title = {The Correspondence Theory of Truth},
	url = {http://plato.stanford.edu/entries/truth-correspondence/},
	author = {Marian David},
	howpublished = {http://plato.stanford.edu/entries/truth-correspondence/ {[Last} accessed: February 3, 2010]}
},

@inproceedings{karlheinz_brandenburg_mp3_1999,
	title = {{MP3} and {AAC} Explained},
	url = {http://www.telos-systems.com/techtalk/hosted/Brandenburg_mp3_aac.pdf},
	booktitle = {{AES} 17th International Conference on High Quality Audio Coding},
	author = {Karlheinz Brandenburg},
	month = sep,
	year = {1999}
},

@misc{douglas_harper_context_2010,
	title = {Context},
	url = {http://www.etymonline.com/index.php?term=context},
	journal = {Online Etymology Dictionary},
	author = {Douglas Harper},
	year = {2010},
	howpublished = {http://www.etymonline.com/index.php?term=context {[Last} accessed: May 4, 2010]}
},

@misc{francesco_vianello_reality_????,
	title = {{REALITY} {CRACKING,} the most difficult reversing art},
	url = {http://www.searchlores.org/realicra/realicra.htm},
	author = {Francesco Vianello},
	howpublished = {http://www.searchlores.org/realicra/realicra.htm {[Last} accessed: February 3, 2010]}
},

@book{sartre_being_1993,
	title = {Being And Nothingness},
	isbn = {0671867806},
	publisher = {Washington Square Press},
	author = {{Jean-Paul} Sartre},
	translator = {Hazel E. Barnes},
	month = aug,
	year = {1993}
},

@misc{paul_slocum_pi_2007,
	title = {Pi House Generator},
	url = {http://www.qotile.net/blog/wp/?p=536},
	author = {Paul Slocum},
	month = dec,
	year = {2007},
	howpublished = {http://www.qotile.net/blog/wp/?p=536 {[Last} accessed: February 3, 2010]}
},

@misc{larry_j_solomon_sounds_1998,
	title = {The Sounds of Silence: John Cage and 4'33"},
	url = {http://solomonsmusic.net/4min33se.htm},
	author = {Larry J Solomon},
	year = {1998},
	howpublished = {http://solomonsmusic.net/4min33se.htm {[Last} accessed: February 3, 2010]}
},

@misc{kyle_mcdonald_oelf_2010,
	title = {oelf},
	url = {http://code.google.com/p/oelf/},
	journal = {Google Code},
	author = {Kyle {McDonald}},
	month = may,
	year = {2010},
	howpublished = {http://code.google.com/p/oelf/ {[Last} accessed: May 4, 2010]}
},

@misc{_winamp_????,
	title = {Winamp Media Player},
	url = {http://www.winamp.com/},
	howpublished = {http://www.winamp.com/ {[Last} accessed: May 4, 2010]}
},

@misc{evan_meaney_ceibas:_2008,
	title = {Ceibas: to hold a future body so close to one's own},
	url = {http://www.evanmeaney.com/ceibas/},
	author = {Evan Meaney},
	year = {2008},
	howpublished = {http://www.evanmeaney.com/ceibas/ {[Last} accessed: February 3, 2010]}
},

@misc{melinda_green_buddhabrot_1993,
	title = {Buddhabrot fractal method},
	url = {http://www.superliminal.com/fractals/bbrot/bbrot.htm},
	author = {Melinda Green},
	year = {1993},
	howpublished = {http://www.superliminal.com/fractals/bbrot/bbrot.htm {[Last} accessed: March 13, 2010]}
},

@misc{david_horvitz_flickr:_????-1,
	title = {Flickr: "mookdfjlal"},
	url = {http://www.flickr.com/photos/tags/mookdfjlal/},
	author = {David Horvitz},
	howpublished = {http://www.flickr.com/photos/tags/mookdfjlal/ {[Last} accessed: February 3, 2010]}
},

@misc{rosa_menkman_compression_2010,
	title = {Compression art: visualizing the obscured},
	shorttitle = {Compression art},
	url = {http://rosa-menkman.blogspot.com/2010/02/compression-art-visualizing-obscured.html},
	journal = {{\textbar}{\textbar} {\textbar} Bitsbits {bits\_\_\_\_\_\_\_\_\_\_\_\_\_\_\_\_\_\_\_\_\_\_\_\_\_\_\_\_\_\_\_\_\_\_\_\_\_\_\_\_\_///////////////Rosa{\textasciitilde}{\textasciitilde}{\textasciitilde}@{\textasciitilde}{\textasciitilde}{\textasciitilde}DIRDIRDIR} A},
	author = {Rosa Menkman},
	month = feb,
	year = {2010},
	keywords = {artifact, compression, datamoshing, noise},
	howpublished = {http://rosa-menkman.blogspot.com/2010/02/compression-art-visualizing-obscured.html {[Last} accessed: May 4, 2010]}
},

@misc{leander_seige_imagen_????,
	title = {{ImageN}},
	url = {http://www.determinate.net/webdata/seg/imagen.php},
	author = {Leander Seige},
	howpublished = {http://www.determinate.net/webdata/seg/imagen.php {[Last} accessed: February 3, 2010]}
},

@misc{michael_aschauer_8-bit_????,
	title = {{8-BIT}},
	url = {http://m.ash.to/8-bit/},
	author = {Michael Aschauer},
	howpublished = {http://m.ash.to/8-bit/ {[Last} accessed: February 3, 2010]}
},

@misc{tomczak_all_2009,
	title = {All 4-bit Waveforms That Have 32 Samples},
	url = {http://little-scale.blogspot.com/2009/03/all-4-bit-waveforms-that-have-32.html},
	journal = {little-scale},
	author = {Sebastian Tomczak},
	month = mar,
	year = {2009},
	keywords = {digital manipulation, max/msp, permutations and sets},
	howpublished = {http://little-scale.blogspot.com/2009/03/all-4-bit-waveforms-that-have-32.html {[Last} accessed: February 3, 2010]}
},

@misc{young_coherence_????,
	title = {The Coherence Theory of Truth},
	url = {http://plato.stanford.edu/entries/truth-coherence/},
	author = {James O Young},
	howpublished = {http://plato.stanford.edu/entries/truth-coherence/ {[Last} accessed: February 3, 2010]}
},

@misc{brian_dunning_facemars_2008,
	title = {The Face on Mars Revealed},
	url = {http://skeptoid.com/episodes/4097#},
	author = {Brian Dunning},
	year = {2008},
	howpublished = {http://skeptoid.com/episodes/4097\# {[Last} accessed: February 3, 2010]}
},

@misc{carter_burwell_every_????,
	title = {Every Possible Picture Machine},
	url = {http://www.carterburwell.com/projects/EPP.shtml},
	author = {Carter Burwell},
	howpublished = {{http://www.carterburwell.com/projects/EPP.shtml} {[Last} accessed: March 11, 2010]}
},

@article{brandenburg_interviews_2004,
	title = {Interviews with Karlheinz Brandenburg},
	volume = {2},
	url = {http://portal.acm.org/citation.cfm?doid=1027154.1027169},
	doi = {10.1145/1027154.1027169},
	abstract = {Interviews with Cynthia Breazeal and Karlheinz {Brandenburg\&br;September} 10, 2003 and July 22, 2004},
	number = {3},
	journal = {Comput. Entertain.},
	author = {Karlheinz Brandenburg},
	year = {2004},
	pages = {9--9}
},

@misc{w._wayt_gibbs_hackers_2009,
	title = {How Hackers Can Steal Secrets from Reflections},
	url = {http://www.scientificamerican.com/article.cfm?id=hackers-can-steal-from-reflections},
	journal = {Scientific American},
	author = {W. Wayt Gibbs},
	month = may,
	year = {2009},
	howpublished = {http://www.scientificamerican.com/article.cfm?id=hackers-can-steal-from-reflections {[Last} accessed: February 3, 2010]}
},

@misc{seti_about_????,
	title = {About {SETI@home:} What is {SETI@home} Looking For?},
	url = {http://www.boinc-wiki.info/How_SETI@Home_Works},
	author = {{SETI}},
	howpublished = {{http://www.boinc-wiki.info/How\_SETI@Home\_Works} {[Last} accessed: February 3, 2010]}
},

@misc{sintron_gods_2003,
	title = {God's Eye},
	url = {http://runme.org/project/+godseye/},
	author = {Sintron},
	month = mar,
	year = {2003},
	howpublished = {http://runme.org/project/+godseye/ {[Last} accessed: February 3, 2010]}
},

@article{john_f._simon_jr._given:32_1997,
	title = {Given: a 32 X 32 Grid},
	url = {http://www.numeral.com/paraicon.html},
	journal = {Parachute Magazine},
	author = {John F. Simon Jr.},
	year = {1997}
},

@misc{dan_paluska_holy_2005,
	title = {the holy toaster},
	url = {http://plainfront.com/theholytoaster/},
	author = {Dan Paluska},
	year = {2005},
	howpublished = {http://plainfront.com/theholytoaster/ {[Last} accessed: February 3, 2010]}
},

@misc{tom_merritt_real_2010,
	title = {Real Deal Podcast 192: All about the {MP3} {\textbar} The Real Deal Podcast - {CNET} Blogs},
	url = {http://www.cnet.com/8301-17920_1-10430917-84.html},
	author = {Tom Merritt},
	year = {2010},
	howpublished = {http://www.cnet.com/8301-17920\_1-10430917-84.html {[Last} accessed: February 17, 2010]}
},

@misc{keith_f._lynch_converting_????,
	title = {Converting Pi to binary - alt.math.recreational {\textbar} Google Groups},
	url = {http://groups.google.com/group/alt.math.recreational/browse_thread/thread/814b73effc3d6a96/1e7724ff380e87d8#1e7724ff380e87d8},
	author = {Keith F. Lynch},
	howpublished = {http://groups.google.com/group/alt.math.recreational/browse\_thread/thread/814b73effc3d6a96/1e7724ff380e87d8\#1e7724ff380e87d8 {[Last} accessed: February 3, 2010]}
},

@misc{jem_finer_longplayer_????,
	title = {Longplayer},
	url = {http://longplayer.org/},
	author = {Jem Finer},
	howpublished = {http://longplayer.org/ {[Last} accessed: February 3, 2010]}
},

@misc{tomczak_hardware-based_2009,
	title = {Hardware-based Waveform Permutations},
	url = {http://little-scale.blogspot.com/2009/07/hardware-based-waveform-permutations.html},
	journal = {little-scale},
	author = {Sebastian Tomczak},
	month = jul,
	year = {2009},
	keywords = {digital manipulation, diy stuff, permutations and sets},
	howpublished = {http://little-scale.blogspot.com/2009/07/hardware-based-waveform-permutations.html {[Last} accessed: February 3, 2010]}
},

@misc{remko_scha_every_2001,
	title = {Every Grid},
	url = {http://radicalart.info/AlgorithmicArt/grid/every/index.html},
	author = {Remko Scha},
	year = {2001},
	howpublished = {{http://radicalart.info/AlgorithmicArt/grid/every/index.html} {[Last} accessed: February 3, 2010]}
},

@misc{moma_rodchenko_1998,
	title = {Rodchenko {\textbar} The Death of Painting},
	url = {http://www.moma.org/interactives/exhibitions/1998/rodchenko/},
	author = {{MoMA}},
	year = {1998},
	howpublished = {http://www.moma.org/interactives/exhibitions/1998/rodchenko/ {[Last} accessed: February 3, 2010]}
},

@misc{christian_scheib_statics_????,
	title = {Static's Music - Noise Inquiries},
	url = {http://ablinger.mur.at/noise.html},
	author = {Christian Scheib},
	howpublished = {http://ablinger.mur.at/noise.html {[Last} accessed: February 3, 2010]}
},

@misc{michael_bach_dalmatian_2002,
	title = {Dalmatian -- hidden figures},
	url = {http://www.michaelbach.de/ot/cog_dalmatian/index.html},
	author = {Michael Bach},
	month = aug,
	year = {2002},
	howpublished = {http://www.michaelbach.de/ot/cog\_dalmatian/index.html {[Last} accessed: February 3, 2010]}
},

@misc{alexander_christiaan_jacob_allrgb_2008,
	title = {{allRGB}},
	url = {http://allrgb.com/},
	author = {Alexander Christiaan Jacob},
	month = oct,
	year = {2008},
	howpublished = {http://allrgb.com/ {[Last} accessed: February 3, 2010]}
},

@misc{kyle_mcdonald_nandhopper_2008,
	title = {Nandhopper {1-Bit} Noise Synth},
	url = {http://www.instructables.com/id/Nandhopper_1_Bit_Noise_Synth/step4/Prototype-Make-the-Circuit/},
	author = {Kyle {McDonald}},
	month = dec,
	year = {2008},
	howpublished = {{http://www.instructables.com/id/Nandhopper\_1\_Bit\_Noise\_Synth/step4/Prototype-Make-the-Circuit/} {[Last} accessed: February 3, 2010]}
},

@misc{moma_kazimir_2006,
	title = {Kazimir Malevich. Suprematist Composition: White on White. 1918},
	url = {http://www.moma.org/collection/browse_results.php?object_id=80385},
	author = {{MoMA}},
	year = {2006},
	howpublished = {http://www.moma.org/collection/browse\_results.php?object\_id=80385 {[Last} accessed: February 3, 2010]}
},

@book{borges_aleph_2004,
	title = {The Aleph and Other Stories},
	isbn = {0142437883},
	publisher = {Penguin Classics},
	author = {Jorge Luis Borges},
	month = jul,
	year = {2004}
},

@misc{liminalmike_flickr:glitch_????,
	title = {Flickr: The Glitch Art Pool},
	url = {http://www.flickr.com/groups/glitches/pool/},
	author = {{LiminalMike}},
	howpublished = {http://www.flickr.com/groups/glitches/pool/ {[Last} accessed: February 3, 2010]}
},

@article{markowsky_misconceptions_1992,
	title = {Misconceptions about the Golden Ratio},
	volume = {23},
	issn = {07468342},
	url = {http://www.jstor.org/stable/2686193},
	number = {1},
	journal = {The College Mathematics Journal},
	author = {George Markowsky},
	year = {1992},
	pages = {2--19}
},

@book{boolos_computability_2002,
	address = {Cambridge, New York},
	edition = {4th ed. /},
	title = {Computability and logic.},
	isbn = {9780521809757},
	publisher = {Cambridge University Press},
	author = {George Boolos},
	year = {2002}
},

@book{borges_library_2000,
	title = {The Library of Babel},
	isbn = {{156792123X}},
	url = {http://jubal.westnet.com/hyperdiscordia/library_of_babel.html},
	publisher = {David R. Godine Publisher},
	author = {Jorge Luis Borges},
	month = aug,
	year = {2000}
},

@misc{boston.com_religious_????,
	title = {Religious iconography -- sightings of Jesus, Virgin Mary in an iron and on windows},
	url = {http://www.boston.com/news/local/massachusetts/gallery/100108_virgin_mary/},
	author = {Boston.com},
	howpublished = {http://www.boston.com/news/local/massachusetts/gallery/100108\_virgin\_mary/ {[Last} accessed: February 3, 2010]}
},

@misc{_products_2010,
	title = {Products - Cycling 74},
	url = {http://cycling74.com/products/},
	year = {2010},
	howpublished = {http://cycling74.com/products/ {[Last} accessed: May 4, 2010]}
}